@online{IjahWS,
    author = {W A Kusuma, V Dewanto, et al},
    title = {Ijah Webserver},
    year = 2017,
    url = {http://ijah.apps.cs.ipb.ac.id/}
}
