@article{ChengKYSDW08,
  added-at = {2009-08-25T00:00:00.000+0200},
  author = {Cheng, Dean and Knox, Craig and Young, Nelson and Stothard, Paul and Damaraju, Sambasivarao and Wishart, David S.},
  biburl = {http://www.bibsonomy.org/bibtex/284d84bd7c62e7825e793f78d7556bab0/dblp},
  date = {2009-08-25},
  description = {dblp},
  ee = {http://dx.doi.org/10.1093/nar/gkn296},
  interhash = {eb156f13d5206702eb87d03e40da1a18},
  intrahash = {84d84bd7c62e7825e793f78d7556bab0},
  journal = {Nucleic Acids Research},
  keywords = {dblp},
  number = {Web-Server-Issue},
  pages = {399-405},
  timestamp = {2009-08-27T11:34:54.000+0200},
  title = {PolySearch: a web-based text mining system for extracting relationships between human diseases, genes, mutations, drugs and metabolites.},
  url = {http://dblp.uni-trier.de/db/journals/nar/nar36.html#ChengKYSDW08},
  volume = 36,
  year = 2008
}

@article{LiuLW15,
  author    = {Yifeng Liu and
               Yongjie Liang and
               David Wishart},
  title     = {PolySearch2: a significantly improved text-mining system for discovering
               associations between human diseases, genes, drugs, metabolites, toxins
               and more},
  journal   = {Nucleic Acids Research},
  volume    = {43},
  number    = {Webserver-Issue},
  pages     = {W535--W542},
  year      = {2015},
  url       = {http://dx.doi.org/10.1093/nar/gkv383},
  doi       = {10.1093/nar/gkv383},
  timestamp = {Mon, 06 Jun 2016 08:40:43 +0200},
  biburl    = {http://dblp.uni-trier.de/rec/bib/journals/nar/LiuLW15},
  bibsource = {dblp computer science bibliography, http://dblp.org}
}

@article{GaoLZLKLZCWJ08,
  author    = {Zhenting Gao and
               Honglin Li and
               Hailei Zhang and
               Xiaofeng Liu and
               Ling Kang and
               Xiaomin Luo and
               Weiliang Zhu and
               Kaixian Chen and
               Xicheng Wang and
               Hualiang Jiang},
  title     = {{PDTD:} a web-accessible protein database for drug target identification},
  journal   = {{BMC} Bioinformatics},
  volume    = {9},
  year      = {2008},
  url       = {http://dx.doi.org/10.1186/1471-2105-9-104},
  doi       = {10.1186/1471-2105-9-104},
  timestamp = {Tue, 30 Jun 2009 12:02:06 +0200},
  biburl    = {http://dblp2.uni-trier.de/rec/bib/journals/bmcbi/GaoLZLKLZCWJ08},
  bibsource = {dblp computer science bibliography, http://dblp.org}
}

@article{DaviesNPDGABO15,
  author    = {Mark Davies and
               Michal Nowotka and
               George Papadatos and
               Nathan Dedman and
               Anna Gaulton and
               Francis Atkinson and
               Louisa J. Bellis and
               John P. Overington},
  title     = {ChEMBL web services: streamlining access to drug discovery data and
               utilities},
  journal   = {Nucleic Acids Research},
  volume    = {43},
  number    = {Webserver-Issue},
  pages     = {W612--W620},
  year      = {2015},
  url       = {http://dx.doi.org/10.1093/nar/gkv352},
  doi       = {10.1093/nar/gkv352},
  timestamp = {Mon, 06 Jun 2016 08:40:43 +0200},
  biburl    = {http://dblp2.uni-trier.de/rec/bib/journals/nar/DaviesNPDGABO15},
  bibsource = {dblp computer science bibliography, http://dblp.org}
}

@article{HuCWHLTGD13,
  author    = {Zhenjun Hu and
               Yi{-}Chien Chang and
               Yan Wang and
               Chia{-}Ling Huang and
               Yang Liu and
               Feng Tian and
               Brian Granger and
               Charles DeLisi},
  title     = {VisANT 4.0: Integrative network platform to connect genes, drugs,
               diseases and therapies},
  journal   = {Nucleic Acids Research},
  volume    = {41},
  number    = {Webserver-Issue},
  pages     = {225--231},
  year      = {2013},
  url       = {http://dx.doi.org/10.1093/nar/gkt401},
  doi       = {10.1093/nar/gkt401},
  timestamp = {Mon, 17 Feb 2014 09:45:06 +0100},
  biburl    = {http://dblp2.uni-trier.de/rec/bib/journals/nar/HuCWHLTGD13},
  bibsource = {dblp computer science bibliography, http://dblp.org}
}
