@article{mei,
    author = {Mei, Jian-Ping and Kwoh, Chee-Keong and Yang, Peng and Li, Xiao-Li and Zheng, Jie},
    day = {17},
    issn = {1460-2059},
    journal = {Bioinformatics},
    keywords = {drug-discovery, neighbor-graph, target-prediction},
    month = nov,
    number = {2},
    pages = {238--245},
    pmid = {23162055},
    publisher = {Oxford University Press},
    title = {{Drug-Target Interaction Prediction by Learning From Local Information and Neighbors}},
    volume = {29},
    year = {2012}
}

% 23840562
@Article{pmid23840562,
   Author="van Laarhoven, T.  and Marchiori, E. ",
   Title="{{P}redicting {D}rug-{T}arget {I}nteractions for {N}ew {D}rug {C}ompounds {U}sing a {W}eighted {N}earest {N}eighbor {P}rofile}",
   Journal="PLoS ONE",
   Year="2013",
   Volume="8",
   Number="6",
   Pages="e66952"
}

@article{MeiKYLZ13,
  author    = {Jian{-}Ping Mei and
               Chee Keong Kwoh and
               Peng Yang and
               Xiaoli Li and
               Jie Zheng},
  title     = {Drug-target interaction prediction by learning from local information
               and neighbors},
  journal   = {Bioinformatics},
  volume    = {29},
  number    = {2},
  pages     = {238--245},
  year      = {2013}
}
