@article{mei,
    author = {Mei, Jian-Ping and Kwoh, Chee-Keong and Yang, Peng and Li, Xiao-Li and Zheng, Jie},
    day = {17},
    issn = {1460-2059},
    journal = {Bioinformatics},
    keywords = {drug-discovery, neighbor-graph, target-prediction},
    month = nov,
    number = {2},
    pages = {238--245},
    pmid = {23162055},
    publisher = {Oxford University Press},
    title = {{Drug-Target Interaction Prediction by Learning From Local Information and Neighbors}},
    volume = {29},
    year = {2012}
}
