% 23840562 
@Article{pmid23840562,
   Author="van Laarhoven, T.  and Marchiori, E. ",
   Title="{{P}redicting {D}rug-{T}arget {I}nteractions for {N}ew {D}rug {C}ompounds {U}sing a {W}eighted {N}earest {N}eighbor {P}rofile}",
   Journal="PLoS ONE",
   Year="2013",
   Volume="8",
   Number="6",
   Pages="e66952"
}

@article{MeiKYLZ13,
  author    = {Jian{-}Ping Mei and
               Chee Keong Kwoh and
               Peng Yang and
               Xiaoli Li and
               Jie Zheng},
  title     = {Drug-target interaction prediction by learning from local information
               and neighbors},
  journal   = {Bioinformatics},
  volume    = {29},
  number    = {2},
  pages     = {238--245},
  year      = {2013}
}