main.bib

@article{HeckerAEDMEGBP12,
  author = {Hecker, Nikolai and Ahmed, Jessica and von Eichborn, Joachim and Dunkel, Mathias and Macha, Karel and Eckert, Andreas and Gilson, Michael K. and Bourne, Philip E. and Preissner, Robert},
  journal = {Nucleic Acids Research},
  pages = {1113-1117},
  title = {SuperTarget goes quantitative: update on drug-target interactions.},
  volume = 40,
  year = 2012
}



@article{Chen17082015,
author = {Chen, Xing and Yan, Chenggang Clarence and Zhang, Xiaotian and Zhang, Xu and Dai, Feng and Yin, Jian and Zhang, Yongdong}, 
title = {Drug-target interaction prediction: databases, web servers and computational models},
year = {2015}, 
journal = {Briefings in Bioinformatics} 
}

@article{BleakleyY09,
  author    = {Kevin Bleakley and
               Yoshihiro Yamanishi},
  title     = {Supervised prediction of drug-target interactions using bipartite
               local models},
  journal   = {Bioinformatics},
  volume    = {25},
  number    = {18},
  pages     = {2397--2403},
  year      = {2009},
}

@INPROCEEDINGS{Joachims01compositekernels,
    author = {Thorsten Joachims and Nello Cristianini},
    title = {Composite Kernels for Hypertext Categorisation},
    booktitle = {In Proceedings of the International Conference on Machine Learning (ICML},
    year = {2001},
    pages = {250--257},
    publisher = {Morgan Kaufmann Publishers}
}

@book{Cristianini:1999,
 author = {Cristianini, Nello and Shawe-Taylor, John},
 title = {An Introduction to Support Vector Machines: And Other Kernel-based Learning Methods},
 year = {2000},
 isbn = {0-521-78019-5},
 publisher = {Cambridge University Press},
 address = {New York, NY, USA},
} 

@article{Borgwardt:2005,
 author = {Borgwardt, Karsten M. and Ong, Cheng Soon and Sch\"{o}nauer, Stefan and Vishwanathan, S. V. N. and Smola, Alex J. and Kriegel, Hans-Peter},
 title = {Protein Function Prediction via Graph Kernels},
 journal = {Bioinformatics},
 issue_date = {January 2005},
 volume = {21},
 number = {1},
 month = jan,
 year = {2005},
 issn = {1367-4803},
 pages = {47--56},
 numpages = {10},
 acmid = {1093315},
 publisher = {Oxford University Press},
 address = {Oxford, UK},
} 


@article{Ralaivola20051093,
title = "Graph kernels for chemical informatics ",
journal = "Neural Networks ",
volume = "18",
number = "8",
pages = "1093 - 1110",
year = "2005",
note = "Neural Networks and Kernel Methods for Structured Domains ",
issn = "0893-6080",
author = "Liva Ralaivola and Sanjay J. Swamidass and Hiroto Saigo and Pierre Baldi",
}

@book{2546,
  title = {Kernel Methods in Computational Biology},
  author = {Sch{\"o}lkopf, B. and Tsuda, K. and Vert, J-P.},
  pages = {410},
  series = {Computational Molecular Biology},
  publisher = {MIT Press},
  organization = {Max-Planck-Gesellschaft},
  school = {Biologische Kybernetik},
  address = {Cambridge, MA, USA},
  month = aug,
  year = {2004}
}

@book{Scholkopf:2001,
 author = {Scholkopf, Bernhard and Smola, Alexander J.},
 title = {Learning with Kernels: Support Vector Machines, Regularization, Optimization, and Beyond},
 year = {2001},
 isbn = {0262194759},
 publisher = {MIT Press},
 address = {Cambridge, MA, USA},
}

@article{YamanishiKMSKG14,
  author    = {Yoshihiro Yamanishi and
               Masaaki Kotera and
               Yuki Moriya and
               Ryusuke Sawada and
               Minoru Kanehisa and
               Susumu Goto},
  title     = {{DINIES:} drug-target interaction network inference engine based on
               supervised analysis},
  journal   = {Nucleic Acids Research},
  volume    = {42},
  number    = {Webserver-Issue},
  pages     = {39--45},
  year      = {2014},
}

@article{NickelGEBRGDP14,
  author    = {Janette Nickel and
               Bj{\"{o}}rn{-}Oliver Gohlke and
               Jevgeni Erehman and
               Priyanka Banerjee and
               Wen Wei Rong and
               Andrean Goede and
               Mathias Dunkel and
               Robert Preissner},
  title     = {SuperPred: update on drug classification and target prediction},
  journal   = {Nucleic Acids Research},
  volume    = {42},
  number    = {Webserver-Issue},
  pages     = {26--31},
  year      = {2014}, 
}

@article{GfellerGWDMZ14,
  author    = {David Gfeller and
               Aur{\'{e}}lien Grosdidier and
               Matthias Wirth and
               Antoine Daina and
               Olivier Michielin and
               Vincent Zoete},
  title     = {SwissTargetPrediction: a web server for target prediction of bioactive
               small molecules},
  journal   = {Nucleic Acids Research},
  volume    = {42},
  number    = {Webserver-Issue},
  pages     = {32--38},
  year      = {2014},
}
