@article{yang,
    author = {Yang, Kun and Bai, Hongjun and Ouyang, Qi and Lai, Luhua and Tang, Chao},
    day = {04},
    issn = {1744-4292},
    journal = {Molecular systems biology},
    month = nov,
    number = {1},
    pmcid = {PMC2673713},
    publisher = {Nature Publishing Group},
    title = {{Finding multiple target optimal intervention in disease-related molecular network.}},
    volume = {4},
    year = {2008}
}


@article{campillos,
title = "Drug target identification using side-effect similarity",
author = "Monica Campillos and Michael Kuhn and Anne-Claude Gavin and Jensen, {Lars Juhl} and Peer Bork",
year = "2008",
volume = "321",
pages = "263--6",
journal = "Science",
issn = "0036-8075",
publisher = "American Association for the Advancement of Science",
number = "5886",
}


@Article{chen,
author ="Chen, Xing and Liu, Ming-Xi and Yan, Gui-Ying",
title  ="Drug-target interaction prediction by random walk on the heterogeneous network",
journal  ="Mol. BioSyst.",
year  ="2012",
volume  ="8",
issue  ="7",
pages  ="1970-1978",
publisher  ="The Royal Society of Chemistry",
}


@article{cheng,
    author = {Cheng, Feixiong AND Liu, Chuang AND Jiang, Jing AND Lu, Weiqiang AND Li, Weihua AND Liu, Guixia AND Zhou, Weixing AND Huang, Jin AND Tang, Yun},
    journal = {PLoS Comput Biol},
    publisher = {Public Library of Science},
    title = {Prediction of Drug-Target Interactions and Drug Repositioning via Network-Based Inference},
    year = {2012},
    month = {05},
    volume = {8},
    pages = {1-12},
    number = {5},
}

@article{bleakley_yamanishi,
    author = {Bleakley, Kevin and Yamanishi, Yoshihiro},
    day = {15},
    issn = {1367-4811},
    journal = {Bioinformatics (Oxford, England)},
    month = sep,
    number = {18},
    pages = {2397--2403},
    pmid = {19605421},
    title = {{Supervised prediction of drug-target interactions using bipartite local models.}},
    volume = {25},
    year = {2009}
}

@article{mei,
    author = {Mei, Jian-Ping and Kwoh, Chee-Keong and Yang, Peng and Li, Xiao-Li and Zheng, Jie},
    day = {17},
    issn = {1460-2059},
    journal = {Bioinformatics},
    keywords = {drug-discovery, neighbor-graph, target-prediction},
    month = nov,
    number = {2},
    pages = {238--245},
    pmid = {23162055},
    publisher = {Oxford University Press},
    title = {{Drug-Target Interaction Prediction by Learning From Local Information and Neighbors}},
    volume = {29},
    year = {2012}
}

@article{wang,
    author = {Wang, Yuhao and Zeng, Jianyang},
    day = {01},
    issn = {1460-2059},
    journal = {Bioinformatics},
    keywords = {drug-design},
    month = jul,
    number = {13},
    pages = {i126--i134},
    pmid = {23812976},
    publisher = {Oxford University Press},
    title = {{Predicting drug-target interactions using restricted Boltzmann machines}},
    volume = {29},
    year = {2013}
}


﻿@article {cao,
author = {Cao, Dong-Sheng and Zhang, Liu-Xia and Tan, Gui-Shan and Xiang, Zheng and Zeng, Wen-Bin and Xu, Qing-Song and Chen, Alex F},
title = {Computational Prediction of DrugTarget Interactions Using Chemical, Biological, and Network Features},
journal = {Molecular Informatics},
volume = {33},
number = {10},
publisher = {WILEY-VCH Verlag},
issn = {1868-1751},
pages = {669--681},
year = {2014},
}


@Article{superpred,
AUTHOR = {Nickel, Janette and Gohlke, Bjoern-Oliver and Erehman, Jevgeni and Banerjee, Priyanka and Rong, Wen Wei and Goede, Andrean and Dunkel, Mathias and Preissner, Robert}
title = {SuperPred: update on drug classification and target prediction.},
JOURNAL = {Nucleic Acids Res},
VOLUME = {42},
YEAR = {2014},
NUMBER = {Web Server issue},
PAGES = {W26-31},
ISSN = {1362-4962},
}




