@article{mei,
    author = {Mei, Jian-Ping and Kwoh, Chee-Keong and Yang, Peng and Li, Xiao-Li and Zheng, Jie},
    day = {17},
    issn = {1460-2059},
    journal = {Bioinformatics},
    keywords = {drug-discovery, neighbor-graph, target-prediction},
    month = nov,
    number = {2},
    pages = {238--245},
    pmid = {23162055},
    publisher = {Oxford University Press},
    title = {{Drug-Target Interaction Prediction by Learning From Local Information and Neighbors}},
    volume = {29},
    year = {2012}
}

% 18. Mah ́ e,P., Ueda,N., Akutsu,T., Perret,J.L. and Vert,J.P. (2005) Graph
% kernels for molecular structure-activity relationship analysis with
% support vector machines. J. Chem. Inf. Model., 45, 939–951.
% 19. Smith,T. and Waterman,M. (1981) Identification of common
% molecular subsequences. J. Mol. Biol., 147, 195–197.
% 20. Saigo,H., Vert,J.P., Ueda,N. and Akutsu,T. (2004) Protein homology
% detection using string alignment kernels. Bioinformatics, 20,
% 1682–1689.
