@article{LiuOYLHGZLLJ10,
  added-at = {2011-04-12T00:00:00.000+0200},
  author = {Liu, Xiaofeng and Ouyang, Sisheng and Yu, Biao and Liu, Yabo and Huang, Kai and Gong, Jiayu and Zheng, Siyuan and Li, Zhihua and Li, Honglin and Jiang, Hualiang},
  biburl = {http://www.bibsonomy.org/bibtex/2195f22d3e03fa2e4ffc990ba049c8d5c/dblp},
  ee = {http://dx.doi.org/10.1093/nar/gkq300},
  interhash = {29d952a96bf8279160d53bd284abdd2e},
  intrahash = {195f22d3e03fa2e4ffc990ba049c8d5c},
  journal = {Nucleic Acids Research},
  keywords = {dblp},
  number = {Web-Server-Issue},
  pages = {609-614},
  timestamp = {2011-04-29T15:05:43.000+0200},
  title = {PharmMapper server: a web server for potential drug target identification using pharmacophore mapping approach.},
  url = {http://dblp.uni-trier.de/db/journals/nar/nar38.html#LiuOYLHGZLLJ10},
  volume = 38,
  year = 2010
}

@article{YamanishiKMSKG14,
  author    = {Yoshihiro Yamanishi and
               Masaaki Kotera and
               Yuki Moriya and
               Ryusuke Sawada and
               Minoru Kanehisa and
               Susumu Goto},
  title     = {{DINIES:} drug-target interaction network inference engine based on
               supervised analysis},
  journal   = {Nucleic Acids Research},
  volume    = {42},
  number    = {Webserver-Issue},
  pages     = {39--45},
  year      = {2014},
  url       = {http://dx.doi.org/10.1093/nar/gku337},
  doi       = {10.1093/nar/gku337},
  timestamp = {Wed, 13 Aug 2014 16:20:06 +0200},
  biburl    = {http://dblp.dagstuhl.de/rec/bib/journals/nar/YamanishiKMSKG14},
  bibsource = {dblp computer science bibliography, http://dblp.org}
}

@article{NickelGEBRGDP14,
  author    = {Janette Nickel and
               Bj{\"{o}}rn{-}Oliver Gohlke and
               Jevgeni Erehman and
               Priyanka Banerjee and
               Wen Wei Rong and
               Andrean Goede and
               Mathias Dunkel and
               Robert Preissner},
  title     = {SuperPred: update on drug classification and target prediction},
  journal   = {Nucleic Acids Research},
  volume    = {42},
  number    = {Webserver-Issue},
  pages     = {26--31},
  year      = {2014},
  url       = {http://dx.doi.org/10.1093/nar/gku477},
  doi       = {10.1093/nar/gku477},
  timestamp = {Mon, 26 Jan 2015 13:54:42 +0100},
  biburl    = {http://dblp.uni-trier.de/rec/bib/journals/nar/NickelGEBRGDP14},
  bibsource = {dblp computer science bibliography, http://dblp.org}
}

@article{GfellerGWDMZ14,
  author    = {David Gfeller and
               Aur{\'{e}}lien Grosdidier and
               Matthias Wirth and
               Antoine Daina and
               Olivier Michielin and
               Vincent Zoete},
  title     = {SwissTargetPrediction: a web server for target prediction of bioactive
               small molecules},
  journal   = {Nucleic Acids Research},
  volume    = {42},
  number    = {Webserver-Issue},
  pages     = {32--38},
  year      = {2014},
  url       = {http://dx.doi.org/10.1093/nar/gku293},
  doi       = {10.1093/nar/gku293},
  timestamp = {Wed, 13 Aug 2014 16:20:06 +0200},
  biburl    = {http://dblp.uni-trier.de/rec/bib/journals/nar/GfellerGWDMZ14},
  bibsource = {dblp computer science bibliography, http://dblp.org}
}
