% 21059682
@Article{pmid21059682,
   Author="Knox, C.  and Law, V.  and Jewison, T.  and Liu, P.  and Ly, S.  and Frolkis, A.  and Pon, A.  and Banco, K.  and Mak, C.  and Neveu, V.  and Djoumbou, Y.  and Eisner, R.  and Guo, A. C.  and Wishart, D. S. ",
   Title="{{D}rug{B}ank 3.0: a comprehensive resource for 'omics' research on drugs}",
   Journal="Nucleic Acids Res.",
   Year="2011",
   Volume="39",
   Number="Database issue",
   Pages="D1035--1041",
   Month="Jan"
}

% 19897548
@Article{pmid19897548,
   Author="Kuhn, M.  and Szklarczyk, D.  and Franceschini, A.  and Campillos, M.  and von Mering, C.  and Jensen, L. J.  and Beyer, A.  and Bork, P. ",
   Title="{{S}{T}{I}{T}{C}{H} 2: an interaction network database for small molecules and proteins}",
   Journal="Nucleic Acids Res.",
   Year="2010",
   Volume="38",
   Number="Database issue",
   Pages="D552--556",
   Month="Jan"
}

% 22080510
@Article{pmid22080510,
   Author="Kanehisa, M.  and Goto, S.  and Sato, Y.  and Furumichi, M.  and Tanabe, M. ",
   Title="{{K}{E}{G}{G} for integration and interpretation of large-scale molecular data sets}",
   Journal="Nucleic Acids Res.",
   Year="2012",
   Volume="40",
   Number="Database issue",
   Pages="D109--114",
   Month="Jan"
}

% 24214965
@Article{pmid24214965,
   Author="Bento, A. P.  and Gaulton, A.  and Hersey, A.  and Bellis, L. J.  and Chambers, J.  and Davies, M.  and Kruger, F. A.  and Light, Y.  and Mak, L.  and McGlinchey, S.  and Nowotka, M.  and Papadatos, G.  and Santos, R.  and Overington, J. P. ",
   Title="{{T}he {C}h{E}{M}{B}{L} bioactivity database: an update}",
   Journal="Nucleic Acids Res.",
   Year="2014",
   Volume="42",
   Number="Database issue",
   Pages="D1083--1090",
   Month="Jan"
}

% 23292603
@Article{pmid23292603,
   Author="Nakamura, K.  and Shimura, N.  and Otabe, Y.  and Hirai-Morita, A.  and Nakamura, Y.  and Ono, N.  and Ul-Amin, M. A.  and Kanaya, S. ",
   Title="{{K}{N}{A}p{S}{A}c{K}-3{D}: a three-dimensional structure database of plant metabolites}",
   Journal="Plant Cell Physiol.",
   Year="2013",
   Volume="54",
   Number="2",
   Pages="e4",
   Month="Feb"
}

% 25348405
% Author="Bateman, A.  and Martin, M. J.  and O'Donovan, C.  and Magrane, M.  and Apweiler, R.  and Alpi, E.  and Antunes, R.  and Arganiska, J.  and Bely, B.  and Bingley, M.  and Bonilla, C.  and Britto, R.  and Bursteinas, B.  and Chavali, G.  and Cibrian-Uhalte, E.  and Silva, A. D.  and De Giorgi, M.  and Dogan, T.  and Fazzini, F.  and Gane, P.  and Castro, L. G.  and Garmiri, P.  and Hatton-Ellis, E.  and Hieta, R.  and Huntley, R.  and Legge, D.  and Liu, W.  and Luo, J.  and MacDougall, A.  and Mutowo, P.  and Nightingale, A.  and Orchard, S.  and Pichler, K.  and Poggioli, D.  and Pundir, S.  and Pureza, L.  and Qi, G.  and Rosanoff, S.  and Saidi, R.  and Sawford, T.  and Shypitsyna, A.  and Turner, E.  and Volynkin, V.  and Wardell, T.  and Watkins, X.  and Zellner, H.  and Cowley, A.  and Figueira, L.  and Li, W.  and McWilliam, H.  and Lopez, R.  and Xenarios, I.  and Bougueleret, L.  and Bridge, A.  and Poux, S.  and Redaschi, N.  and Aimo, L.  and Argoud-Puy, G.  and Auchincloss, A.  and Axelsen, K.  and Bansal, P.  and Baratin, D.  and Blatter, M. C.  and Boeckmann, B.  and Bolleman, J.  and Boutet, E.  and Breuza, L.  and Casal-Casas, C.  and de Castro, E.  and Coudert, E.  and Cuche, B.  and Doche, M.  and Dornevil, D.  and Duvaud, S.  and Estreicher, A.  and Famiglietti, L.  and Feuermann, M.  and Gasteiger, E.  and Gehant, S.  and Gerritsen, V.  and Gos, A.  and Gruaz-Gumowski, N.  and Hinz, U.  and Hulo, C.  and Jungo, F.  and Keller, G.  and Lara, V.  and Lemercier, P.  and Lieberherr, D.  and Lombardot, T.  and Martin, X.  and Masson, P.  and Morgat, A.  and Neto, T.  and Nouspikel, N.  and Paesano, S.  and Pedruzzi, I.  and Pilbout, S.  and Pozzato, M.  and Pruess, M.  and Rivoire, C.  and Roechert, B.  and Schneider, M.  and Sigrist, C.  and Sonesson, K.  and Staehli, S.  and Stutz, A.  and Sundaram, S.  and Tognolli, M.  and Verbregue, L.  and Veuthey, A. L.  and Wu, C. H.  and Arighi, C. N.  and Arminski, L.  and Chen, C.  and Chen, Y.  and Garavelli, J. S.  and Huang, H.  and Laiho, K.  and McGarvey, P.  and Natale, D. A.  and Suzek, B. E.  and Vinayaka, C.  and Wang, Q.  and Wang, Y.  and Yeh, L. S.  and Yerramalla, M. S.  and Zhang, J. ",
@Article{pmid25348405,
   Author="Bateman, A. and et.al.",
   Title="{{U}ni{P}rot: a hub for protein information}",
   Journal="Nucleic Acids Res.",
   Year="2015",
   Volume="43",
   Number="Database issue",
   Pages="D204--212",
   Month="Jan"
}
